@inproceedings{cooperMOHJapan,
    author    = "Cooper, Nigel P",
    title     = "Radial variation in the vibrations of the cochlear partition",
    booktitle = "Recent Developments in Auditory Mechanics",
    year      = 2000,
    pages     = "109-115",
    publisher = "World Scientific",
    address   = "Singapore"
}

@article{gao,
    author = {Gao, Simon S and Wang, Rosalie and Raphael, Patrick D and Moayedi, Yalda and Groves, Andrew K and Zuo, Jian and Applegate, Brian E and Oghalai, John S},
    year = {2014},
    month = {06},
    pages = {},
    title = {Vibration of the organ of Corti within the cochlear apex in mice},
    volume = {112},
    journal = {Journal of neurophysiology},
    doi = {10.1152/jn.00306.2014}
}

@article{dongoghalai,
    author = {Dong, Wei and Xia, Anping and Raphael, Patrick D and Puria, Sunil and Applegate, Brian E and Oghalai, John S},
    year = {2018},
    month = {10},
    pages = {},
    title = {Organ of Corti vibration within the intact gerbil cochlea measured by volumetric optical coherence tomography and vibrometry},
    volume = {120},
    journal = {Journal of Neurophysiology},
    doi = {10.1152/jn.00702.2017}
}

@article{strimbu2020,
    title = {Manipulation of the Endocochlear Potential Reveals Two Distinct Types of Cochlear Nonlinearity},
    journal = {Biophysical Journal},
    volume = {119},
    number = {10},
    pages = {2087-2101},
    year = {2020},
    issn = {0006-3495},
    doi = {https://doi.org/10.1016/j.bpj.2020.10.005},
    url = {https://www.sciencedirect.com/science/article/pii/S0006349520308055},
    author = {C. Elliott Strimbu and Yi Wang and Elizabeth S. Olson}
}

@article{fangyi, 
    title={A differentially amplified motion in the ear for near-threshold sound detection}, 
    volume={14}, 
    DOI={10.1038/nn.2827}, 
    number={6}, 
    journal={Nature Neuroscience}, 
    author={Chen, Fangyi and Zha, Dingjun and Fridberger, Anders and Zheng, Jiefu and Choudhury, Niloy and Jacques, Steven L and Wang, Ruikang K and Shi, Xiaorui and Nuttall, Alfred L}, 
    year={2011}, 
    pages={770–774}
}

@Inbook{OCTtheory,
    author="Izatt, J. A.
    and Choma, M. A.",
    editor="Drexler, Wolfgang
    and Fujimoto, James G.",
    title="Theory of Optical Coherence Tomography",
    bookTitle="Optical Coherence Tomography: Technology and Applications",
    year="2008",
    publisher="Springer Berlin Heidelberg",
    address="Berlin, Heidelberg",
    pages="47--72",
    isbn="978-3-540-77550-8",
    doi="10.1007/978-3-540-77550-8_2",
    url="https://doi.org/10.1007/978-3-540-77550-8_2"
}

@article{sdpm,
    author = {Michael A. Choma and Audrey K. Ellerbee and Changhuei Yang and Tony L. Creazzo and Joseph A. Izatt},
    journal = {Opt. Lett.},
    keywords = {Microscopy; Noise in imaging systems; Optical coherence tomography; Interferometry; Interference microscopy; Fast Fourier transforms; Optical coherence tomography; Optical imaging; Phase noise; Phase unwrapping; Spectral domain optical coherence tomography},
    number = {10},
    pages = {1162--1164},
    publisher = {OSA},
    title = {Spectral-domain phase microscopy},
    volume = {30},
    month = {May},
    year = {2005},
    url = {http://ol.osa.org/abstract.cfm?URI=ol-30-10-1162},
    doi = {10.1364/OL.30.001162},
}

@article {Warren,
	author = {Warren, Rebecca L. and Ramamoorthy, Sripriya and Ciganovi{\'c}, Nikola and Zhang, Yuan and Wilson, Teresa M. and Petrie, Tracy and Wang, Ruikang K. and Jacques, Steven L. and Reichenbach, Tobias and Nuttall, Alfred L. and Fridberger, Anders},
	title = {Minimal basilar membrane motion in low-frequency hearing},
	volume = {113},
	number = {30},
	pages = {E4304--E4310},
	year = {2016},
	doi = {10.1073/pnas.1606317113},
	publisher = {National Academy of Sciences},
	issn = {0027-8424},
	URL = {https://www.pnas.org/content/113/30/E4304},
	eprint = {https://www.pnas.org/content/113/30/E4304.full.pdf},
	journal = {Proceedings of the National Academy of Sciences}
}

@article {Ren2002,
	author = {Ren, Tianying},
	title = {Longitudinal pattern of basilar membrane vibration in the sensitive cochlea},
	volume = {99},
	number = {26},
	pages = {17101--17106},
	year = {2002},
	doi = {10.1073/pnas.262663699},
	publisher = {National Academy of Sciences},
	issn = {0027-8424},
	URL = {https://www.pnas.org/content/99/26/17101},
	eprint = {https://www.pnas.org/content/99/26/17101.full.pdf},
	journal = {Proceedings of the National Academy of Sciences}
}

@article{fallah, 
    title={Nonlinearity and amplification in cochlear responses to single and multi-tone stimuli}, 
    volume={377},
    DOI={10.1016/j.heares.2019.04.001}, 
    journal={Hearing Research}, 
    author={Fallah, Elika and Strimbu, C. Elliott and Olson, Elizabeth S.}, 
    year={2019}, 
    pages={271–281}
}

@article{cooper, 
    title={Vibration hotspots reveal longitudinal funneling of sound-evoked motion in the mammalian cochlea}, 
    volume={9}, 
    DOI={10.1038/s41467-018-05483-z}, 
    number={1}, 
    journal={Nature Communications}, 
    author={Cooper, Nigel P. and Vavakou, Anna and Van Der Heijden, Marcel}, 
    year={2018},
    pages = {3054}
}

@article{lee, 
    title={Two-Dimensional Cochlear Micromechanics Measured In Vivo Demonstrate Radial Tuning within the Mouse Organ of Corti},
    volume={36}, 
    DOI={10.1523/jneurosci.1157-16.2016}, 
    number={31}, 
    journal={Journal of Neuroscience}, 
    author={Lee, H. Y. and Raphael, P. D. and Xia, A. and Kim, J. and Grillet, N. and Applegate, B. E. and Bowden, A. K. Ellerbee and Oghalai, J. S.}, 
    year={2016}, 
    pages={8160–8173}
}

@article{dongolson, 
    title={Detection of Cochlear Amplification and Its Activation},
    volume={105}, 
    DOI={10.1016/j.bpj.2013.06.049}, 
    number={4}, 
    journal={Biophysical Journal}, 
    author={Dong, Wei and Olson, Elizabeth S.}, 
    year={2013}, 
    pages={1067–1078}
}

@article{yoon, 
    title={Feed-Forward and Feed-Backward Amplification Model from Cochlear Cytoarchitecture: An Interspecies Comparison},
    volume={100}, 
    DOI={10.1016/j.bpj.2010.11.039}, 
    number={1}, 
    journal={Biophysical Journal}, 
    author={Yoon, Yong-Jin and Steele,  Charles R. and Puria, Sunil}, 
    year={2011}, 
    pages={1-10}
}

@article{kapuria, 
    title={Unraveling the mystery of hearing in gerbil and other rodents with an arch-beam model of the basilar membrane},
    volume={7}, 
    DOI={https://doi.org/10.1038/s41598-017-00114-x}, 
    number={228}, 
    journal={Scientific Reports}, 
    author={Kapuria, Santosh and Steele,  Charles R. and Puria, Sunil}, 
    year={2017}, 
    pages={1-10}
}

@PREAMBLE{
 "\providecommand{\noopsort}[1]{}" 
 # "\providecommand{\singleletter}[1]{#1}%" 
}

@ARTICLE{frost2022,
	title		= "Using volumetric optical coherence tomography to achieve spatially resolved organ of Corti vibration measurements",
   	author      = "Brian L. Frost and C. Elliott Strimbu and Elizabeth S. Olson",
   	year        = "2022",
   	journal     = "Journal of the Acoustical Society of America",
   	volume      = "151",
   	pages       = "1115-1125",
}

@ARTICLE{cooper2018,
	title		= "Vibration hotspots reveal longitudinal funneling of sound-evoked motion in the mammalian cochlea",
   	author      = "Nigel P. Cooper and Anna Vavakou and Marcel van der Heijden",
   	year        = "2018",
   	journal     = "Nature Communications",
   	volume      = "9",
   	pages       = "3054",
}

@article {Puria2022,
	author = {Cho, Nam Hyun and Puria, Sunil},
	title = {Motion of the Cochlear Reticular Lamina Varies Radially Across Outer-Hair-Cell Rows},
	elocation-id = {2022.03.01.482580},
	year = {2022},
	doi = {10.1101/2022.03.01.482580},
	publisher = {Cold Spring Harbor Laboratory},
	URL = {https://www.biorxiv.org/content/early/2022/03/04/2022.03.01.482580},
	eprint = {https://www.biorxiv.org/content/early/2022/03/04/2022.03.01.482580.full.pdf},
	journal = {bioRxiv}
}

@ARTICLE{ren2016,
	title		= "Reticular lamina and basilar membrane vibrations in living mouse cochleae" ,
   	author      = "Tianying Ren and Wenxuan He and David Kemp",
   	year        = "2016",
   	journal     = "Proceedings of the National Academy of Sciences of the United States of America",
   	volume      = "113",
   	pages       = "9910-9915",
}

@ARTICLE{he2018,
	title		= "Timing of the reticular lamina and basilar membrane vibration in living gerbil cochleae",
   	author      = "Wenxuan He and David Kemp and Tianying Ren",
   	year        = "2018",
   	journal     = "eLife",
   	volume      = "7",
   	pages       = "37625",
}

@unpublished{Ren2022,
title= {Transverse Vibrations of the Reticular Lamina and Basilar Membrane in the Basal Turn of Gerbil Cochleae},
author = {Wenxuan He and Tianying Ren},
year = {2022},
note= {Association for Research in Otolaryngology Midwinter Meeting}
}

@ARTICLE{Dewey2021,
	title		= "Cochlear outer hair cell electromotility enhances organ of Corti motion on a cycle-by-cycle basis at high frequencies in vivo",
   	author      = "James B Dewey and Alessandro Altoe and Christopher A Shera and Brian E Applegate and John S Oghalai",
   	year        = "2021",
   	journal     = "Proceedings of the National Academy of Sciences of the United States of America",
   	volume      = "118",
   	pages       = "37625",
}